<?xml version="1.0" encoding="UTF-8"?><record xmlns="http://www.loc.gov/MARC21/slim" xmlns:cinclude="http://apache.org/cocoon/include/1.0" xmlns:zs="http://www.loc.gov/zing/srw/">
  <leader>00414nz  a2200133n  4500</leader>
  <controlfield tag="001">n  90605051 </controlfield>
  <controlfield tag="003">DLC</controlfield>
  <controlfield tag="005">19900130092619.5</controlfield>
  <controlfield tag="008">900124n| acannaab|          |a aaa |||  </controlfield>
  <datafield tag="010" ind1=" " ind2=" ">
    <subfield code="a">n  90605051 </subfield>
  </datafield>
  <datafield tag="040" ind1=" " ind2=" ">
    <subfield code="a">DLC</subfield>
    <subfield code="c">DLC</subfield>
  </datafield>
  <datafield tag="100" ind1="1" ind2="0">
    <subfield code="a">Ogier, Charles,</subfield>
    <subfield code="d">1595-1654.</subfield>
    <subfield code="t">Ephemerides.</subfield>
    <subfield code="p">Iter Svecicum.</subfield>
    <subfield code="l">Swedish</subfield>
  </datafield>
  <datafield tag="400" ind1="1" ind2="0">
    <subfield code="a">Ogier, Charles,</subfield>
    <subfield code="d">1595-1654.</subfield>
    <subfield code="t">FraĚn Sveriges storhetstid</subfield>
  </datafield>
  <datafield tag="670" ind1=" " ind2=" ">
    <subfield code="a">His FraĚn Sveriges storhetstid, 1978.</subfield>
  </datafield>
</record>